@Online{vega-isa,
  credits = {AMD Corporation},
  media = {eresource},
  title = {<<Vega>> Instruction Set Architecture},
  date = {2017},
  url = {https://developer.amd.com/wp-content/resources/Vega_Shader_ISA_28July2017.pdf},
  urldate = {2021-05-15}
}

@Online{cdna-isa,
  credits = {AMD Corporation},
  media = {eresource},
  title = {<<AMD Instinct MI100>> Instruction Set Architecture},
  date = {2020},
  url = {https://developer.amd.com/wp-content/resources/CDNA1_Shader_ISA_14December2020.pdf},
  urldate = {2021-05-15}
}

@Article{static-analysis-binary,
  credits = {University of Waterloo},
  media = {eresource},
  title = {Static analysis of binary executables},
  author = {Hanov, Steve},
  year = {2009},
  url = {https://stevehanov.ca/cs842_project.pdf},
  urldate = {2021-05-15}
}

@InProceedings{gpu-static-verification,
  author="Bardsley, Ethel
  and Betts, Adam
  and Chong, Nathan
  and Collingbourne, Peter
  and Deligiannis, Pantazis",
  title="Engineering a Static Verification Tool for GPU Kernels",
  booktitle="Computer Aided Verification",
  year="2014",
  publisher="Springer International Publishing",
  pages="226--242",
  doi="10.1007/978-3-319-08867-9_15"
}

@Book{compilers,
  author = {Keith D. Cooper and Linda Torczon},
  title = {Engineering a Compiler},
  publisher = {Morgan Kaufmann},
  edition = {Second Edition},
  year = {2012},
  isbn = {978-0-12-088478-0}
}

@Book{cfg-ru,
  author = {Владимир Анатольевич Евстигнеев},
  title = {Применение теории графов в программировании},
  publisher = {Издательство <<Наука>>},
  year = {1985},
  pages = {9-10, 19-20}
}

@Article{cfg-allen,
  author = {Allen, Frances E.},
  title = {Control Flow Analysis},
  year = {1970},
  publisher = {Association for Computing Machinery},
  doi = {10.1145/390013.808479}
}

@Misc{llvm-12,
  media = {eresource},
  title = {The LLVM Compiler Infrastructure, version 12},
  year = {2021},
  publisher = {GitHub},
  url = {https://github.com/llvm/llvm-project/tree/release/12.x/}
}

@Online{llvm-12-amdgpu,
  credits = {The LLVM Compiler Infrastructure},
  media = {eresource},
  title = {User Guide for AMDGPU Backend},
  date = {2021},
  url = {https://releases.llvm.org/12.0.0/docs/AMDGPUUsage.html},
  urldate = {2021-05-15}
}

@Online{llvm-c,
  credits = {The LLVM Compiler Infrastructure},
  media = {eresource},
  title = {LLVM-C: C interface to LLVM},
  date = {2021},
  url = {https://llvm.org/doxygen/group__LLVMC.html},
  urldate = {2021-05-15}
}

@Online{gcn-asm-syntax,
  credits = {The LLVM Compiler Infrastructure},
  media = {eresource},
  title = {Syntax of AMDGPU Instruction Operands},
  date = {2021},
  url = {https://releases.llvm.org/12.0.0/docs/AMDGPUOperandSyntax.html},
  urldate = {2021-05-15}
}

@Misc{clrx,
  media = {eresource},
  title = {CLRadeonExtender},
  url = {http://clrx.nativeboinc.org},
  urldate = {2021-05-15}
}

@Misc{amdgpu-abi,
  credits = {AMD ROCm Platform},
  media = {eresource},
  title = {AMDGPU Compute Application Binary Interface},
  date = {2016},
  url = {https://github.com/ROCm-Developer-Tools/ROCm-ComputeABI-Doc/blob/master/AMDGPU-ABI.md},
  urldate = {2021-05-15}
}

@Book{rwhaskell,
  title={Real World Haskell: Code You Can Believe In},
  author={O'Sullivan, B. and Goerzen, J. and Stewart, D.B.},
  isbn={9780596554309},
  year={2008},
  publisher={O'Reilly Media}
}

@Online{gcn-performance,
  credits = {AMD Corporation},
  media = {eresource},
  author = {Stephan Hodes},
  title = {GCN Performance FTW},
  date = {2014},
  url = {https://developer.amd.com/wordpress/media/2012/10/GCN-Performance-FTW-Stephan-Hodes.ppsx},
  urldate = {2021-05-15}
}

@Misc{miopen,
  title={MIOpen: An Open Source Library For Deep Learning Primitives}, 
  author={Jehandad Khan and Paul Fultz and Artem Tamazov and Daniel Lowell and Chao Liu and Michael Melesse and Murali Nandhimandalam and Kamil Nasyrov and Ilya Perminov and Tejash Shah and Vasilii Filippov and Jing Zhang and Jing Zhou and Bragadeesh Natarajan and Mayank Daga},
  year={2019},
  eprint={1910.00078},
  archivePrefix={arXiv},
  primaryClass={cs.LG}
}

@Misc{static-code-analysis,
  author = {Novak, Jernej and Krajnc, Andrej and Žontar, Rok},
  credits = {University of Maribor},
  media = {eresource},
  title = {Taxonomy of static code analysis tools},
  year = {2010},
  url = {https://www.researchgate.net/publication/251940397_Taxonomy_of_static_code_analysis_tools},
  urldate = {2021-05-15}
}

@Article{value-range-analysis,
  author = {Harrison, W. H.},
  title = {Compiler Analysis of the Value Ranges for Variables},
  year = {1977},
  credits = {IEEE Press},
  doi = {10.1109/TSE.1977.231133}
}

@Article{cuda,
  author = {Nickolls, John and Buck, Ian and Garland, Michael and Skadron, Kevin},
  title = {Scalable Parallel Programming with CUDA},
  year = {2008},
  doi = {10.1145/1365490.1365500}
}

@Article{opencl,
  author={Stone, John E. and Gohara, David and Shi, Guochun},
  title={OpenCL: A Parallel Programming Standard for Heterogeneous Computing Systems},
  year={2010},
  doi={10.1109/MCSE.2010.69}
}

@Online{rocm,
  credits = {AMD Corporation},
  media = {eresource},
  title = {ROCm Platform},
  date = {2021},
  url = {https://rocmdocs.amd.com/en/latest},
  urldate = {2021-05-15}
}

@Book{hsa,
  author = {Wen-mei, W Hwu},
  title = {Heterogeneous System Architecture: A New Compute Platform Infrastructure},
  publisher = {Morgan Kaufmann},
  year = {2016},
  isbn = {978-0-12-800386-2}
}

@Online{haskell,
  media = {eresource},
  title = {Haskell Language},
  date = {2021},
  url = {https://www.haskell.org/},
  urldate = {2021-05-15}
}
